<record><leader>00000cas a22000007a 4500</leader><controlfield tag="001">24006227</controlfield><controlfield tag="008">910628d19691970mnudn ne      0    0eng d</controlfield><datafield ind1=" " ind2=" " tag="010"><subfield code="a">sn 91059083 </subfield></datafield><datafield ind1=" " ind2=" " tag="040"><subfield code="a">MN#</subfield><subfield code="b">eng</subfield><subfield code="c">MN#</subfield><subfield code="d">OCLCQ</subfield><subfield code="d">OCLCF</subfield><subfield code="d">OCLCO</subfield></datafield><datafield ind1="1" ind2=" " tag="029"><subfield code="a">AU@</subfield><subfield code="b">000025886420</subfield></datafield><datafield ind1=" " ind2=" " tag="042"><subfield code="a">msc</subfield></datafield><datafield ind1=" " ind2=" " tag="043"><subfield code="a">n-us-mn</subfield></datafield><datafield ind1=" " ind2=" " tag="052"><subfield code="a">4144</subfield><subfield code="b">A5</subfield></datafield><datafield ind1=" " ind2=" " tag="052"><subfield code="a">4143</subfield><subfield code="b">D6</subfield></datafield><datafield ind1="0" ind2="0" tag="245"><subfield code="a">Alexadria daily news.</subfield></datafield><datafield ind1=" " ind2=" " tag="260"><subfield code="a">Alexandria, Minn. :</subfield><subfield code="b">Park Region Pub. Co.,</subfield><subfield code="c">1969-1970.</subfield></datafield><datafield ind1=" " ind2=" " tag="300"><subfield code="a">2 v.</subfield></datafield><datafield ind1=" " ind2=" " tag="310"><subfield code="a">Daily (Monday-Friday)</subfield></datafield><datafield ind1="0" ind2=" " tag="362"><subfield code="a">Vol. 79, no. 38 (Sept. 15, 1969)-v. 80, no. 4 (Jan. 8, 1970).</subfield></datafield><datafield ind1=" " ind2=" " tag="530"><subfield code="a">Available on microfilm from the Minnesota Historical Society.</subfield></datafield><datafield ind1=" " ind2="0" tag="651"><subfield code="a">Alexandria (Minn.)</subfield><subfield code="v">Newspapers.</subfield></datafield><datafield ind1=" " ind2="7" tag="655"><subfield code="a">Newspapers.</subfield><subfield code="2">fast</subfield><subfield code="0">(OCoLC)fst01423814</subfield></datafield><datafield ind1=" " ind2="7" tag="651"><subfield code="a">Minnesota</subfield><subfield code="z">Alexandria.</subfield><subfield code="2">fast</subfield><subfield code="0">(OCoLC)fst01220170</subfield></datafield><datafield ind1=" " ind2=" " tag="752"><subfield code="a">United States</subfield><subfield code="b">Minnesota</subfield><subfield code="c">Douglas</subfield><subfield code="d">Alexandria.</subfield></datafield><datafield ind1="0" ind2="0" tag="780"><subfield code="t">Park region echo</subfield><subfield code="w">(DLC)sn 83016499</subfield></datafield><datafield ind1="0" ind2="4" tag="785"><subfield code="t">Lake region press</subfield><subfield code="w">(DLC)sn 91059082</subfield></datafield></record>